@article{bekmezci2013flying,
  title     = {Flying ad-hoc networks (FANETs): A survey},
  author    = {Bekmezci, Ilker and Sahingoz, Ozgur Koray and Temel, {\c{S}}amil},
  journal   = {Ad Hoc Networks},
  volume    = {11},
  number    = {3},
  pages     = {1254--1270},
  year      = {2013},
  publisher = {Elsevier}
}
@article{bautin2012strategie,
  title   = {Strat{\'e}gie d'exploration multirobot fond{\'e}e sur les champs de potentiels artificiels},
  author  = {Bautin, Antoine and Simonin, Olivier and Charpillet, Fran{\c{c}}ois},
  journal = {Revue des Sciences et Technologies de l'Information-S{\'e}rie RIA: Revue d'Intelligence Artificielle},
  volume  = {26},
  number  = {5},
  pages   = {523--542},
  year    = {2012}
}
@inproceedings{jensen2013rolling,
  title     = {Rolling dispersion for robot teams},
  author    = {Jensen, Elizabeth A and Gini, Maria},
  booktitle = {Twenty-Third International Joint Conference on Artificial Intelligence},
  year      = {2013}
}
@inproceedings{yan2014team,
  title        = {Team size optimization for multi-robot exploration},
  author       = {Yan, Zhi and Fabresse, Luc and Laval, Jannik and Bouraqadi, Noury},
  booktitle    = {International Conference on Simulation, Modeling, and Programming for Autonomous Robots},
  pages        = {438--449},
  year         = {2014},
  organization = {Springer}
}
@article{rooker2007multi,
  title     = {Multi-robot exploration under the constraints of wireless networking},
  author    = {Rooker, Martijn N and Birk, Andreas},
  journal   = {Control Engineering Practice},
  volume    = {15},
  number    = {4},
  pages     = {435--445},
  year      = {2007},
  publisher = {Elsevier}
}
@inproceedings{burgard2000collaborative,
  title        = {Collaborative multi-robot exploration},
  author       = {Burgard, Wolfram and Moors, Mark and Fox, Dieter and Simmons, Reid and Thrun, Sebastian},
  booktitle    = {Proceedings 2000 ICRA. Millennium Conference. IEEE International Conference on Robotics and Automation. Symposia Proceedings (Cat. No. 00CH37065)},
  volume       = {1},
  pages        = {476--481},
  year         = {2000},
  organization = {IEEE}
}
@inproceedings{schmuck2017multi,
  title        = {Multi-uav collaborative monocular slam},
  author       = {Schmuck, Patrik and Chli, Margarita},
  booktitle    = {2017 IEEE International Conference on Robotics and Automation (ICRA)},
  pages        = {3863--3870},
  year         = {2017},
  organization = {IEEE}
}
@inproceedings{yuan2010cooperative,
  title        = {A cooperative approach for multi-robot area exploration},
  author       = {Yuan, Jing and Huang, Yalou and Tao, Tong and Sun, Fengchi},
  booktitle    = {2010 IEEE/RSJ International Conference on Intelligent Robots and Systems},
  pages        = {1390--1395},
  year         = {2010},
  organization = {IEEE}
}
@article{sheng2006distributed,
  title     = {Distributed multi-robot coordination in area exploration},
  author    = {Sheng, Weihua and Yang, Qingyan and Tan, Jindong and Xi, Ning},
  journal   = {Robotics and Autonomous Systems},
  volume    = {54},
  number    = {12},
  pages     = {945--955},
  year      = {2006},
  publisher = {Elsevier}
}
@article{wu2012robust,
  title     = {Robust cooperative exploration with a switching strategy},
  author    = {Wu, Wencen and Zhang, Fumin},
  journal   = {IEEE Transactions on Robotics},
  volume    = {28},
  number    = {4},
  pages     = {828--839},
  year      = {2012},
  publisher = {IEEE}
}
@inproceedings{konolige2003map,
  title        = {Map merging for distributed robot navigation},
  author       = {Konolige, Kurt and Fox, Dieter and Limketkai, Benson and Ko, Jonathan and Stewart, Benjamin},
  booktitle    = {Proceedings 2003 IEEE/RSJ international conference on intelligent robots and systems (IROS 2003)(Cat. No. 03CH37453)},
  volume       = {1},
  pages        = {212--217},
  year         = {2003},
  organization = {IEEE}
}
@inproceedings{yamauchi1998frontier,
  title     = {Frontier-based exploration using multiple robots},
  author    = {Yamauchi, Brian},
  booktitle = {Proceedings of the second international conference on Autonomous agents},
  pages     = {47--53},
  year      = {1998}
}
@incollection{werger2000broadcast,
  title     = {Broadcast of local eligibility for multi-target observation},
  author    = {Werger, Barry Brian and Matari{\'c}, Maja J},
  booktitle = {Distributed Autonomous Robotic Systems 4},
  pages     = {347--356},
  year      = {2000},
  publisher = {Springer}
}
@inproceedings{solanas2004coordinated,
  title        = {Coordinated multi-robot exploration through unsupervised clustering of unknown space},
  author       = {Solanas, Agusti and Garcia, Miguel Angel},
  booktitle    = {2004 IEEE/RSJ International Conference on Intelligent Robots and Systems (IROS)(IEEE Cat. No. 04CH37566)},
  volume       = {1},
  pages        = {717--721},
  year         = {2004},
  organization = {IEEE}
}
@article{deb1999multi,
  title     = {Multi-objective genetic algorithms: Problem difficulties and construction of test problems},
  author    = {Deb, Kalyanmoy},
  journal   = {Evolutionary computation},
  volume    = {7},
  number    = {3},
  pages     = {205--230},
  year      = {1999},
  publisher = {MIT Press}
}
@article{kuhn2005hungarian,
  title     = {The Hungarian method for the assignment problem},
  author    = {Kuhn, Harold W},
  journal   = {Naval Research Logistics (NRL)},
  volume    = {52},
  number    = {1},
  pages     = {7--21},
  year      = {2005},
  publisher = {Wiley Online Library}
}
@inproceedings{nanjanath2006dynamic,
  title        = {Dynamic task allocation for robots via auctions},
  author       = {Nanjanath, Maitreyi and Gini, Maria},
  booktitle    = {Proceedings 2006 IEEE International Conference on Robotics and Automation, 2006. ICRA 2006.},
  pages        = {2781--2786},
  year         = {2006},
  organization = {IEEE}
}
@article{zhao1996genetic,
  title     = {Genetic algorithm for robot selection and work station assignment problem},
  author    = {Zhao, Linhu and Tsujimura, Yashuhiro and Gen, Mitsuo},
  journal   = {Computers \& Industrial Engineering},
  volume    = {31},
  number    = {3-4},
  pages     = {599--602},
  year      = {1996},
  publisher = {Elsevier}
}
@inproceedings{leigh2007using,
  title        = {Using a genetic algorithm to explore A*-like pathfinding algorithms},
  author       = {Leigh, Ryan and Louis, Sushil J and Miles, Chris},
  booktitle    = {2007 IEEE Symposium on Computational Intelligence and Games},
  pages        = {72--79},
  year         = {2007},
  organization = {IEEE}
}
@inproceedings{faigl2012goal,
  title        = {Goal assignment using distance cost in multi-robot exploration},
  author       = {Faigl, Jan and Kulich, Miroslav and P{\v{r}}eu{\v{c}}il, Libor},
  booktitle    = {2012 IEEE/RSJ International Conference on Intelligent Robots and Systems},
  pages        = {3741--3746},
  year         = {2012},
  organization = {IEEE}
}
@article{kulich2015comparison,
  title   = {Comparison of exploration strategies for multi-robot search},
  author  = {Kulich, Miroslav and Juchelka, Tom{\'a}{\v{s}} and P{\v{r}}eu{\v{c}}il, Libor},
  journal = {Acta Polytechnica},
  volume  = {55},
  number  = {3},
  pages   = {162--168},
  year    = {2015}
}
@inproceedings{benavides2016multi,
  title        = {Multi-robot Cooperative Systems for Exploration: Advances in dealing with constrained communication environments},
  author       = {Benavides, Facundo and Monz{\'o}n, Pablo and Chanel, Caroline P Carvalho and Gramp{\'\i}n, Eduardo},
  booktitle    = {2016 XIII Latin American Robotics Symposium and IV Brazilian Robotics Symposium (LARS/SBR)},
  pages        = {181--186},
  year         = {2016},
  organization = {IEEE}
}
@inproceedings{cieslewski2017rapid,
  title        = {Rapid exploration with multi-rotors: A frontier selection method for high speed flight},
  author       = {Cieslewski, Titus and Kaufmann, Elia and Scaramuzza, Davide},
  booktitle    = {2017 IEEE/RSJ International Conference on Intelligent Robots and Systems (IROS)},
  pages        = {2135--2142},
  year         = {2017},
  organization = {IEEE}
}
@inproceedings{heng2015efficient,
  title        = {Efficient visual exploration and coverage with a micro aerial vehicle in unknown environments},
  author       = {Heng, Lionel and Gotovos, Alkis and Krause, Andreas and Pollefeys, Marc},
  booktitle    = {2015 IEEE International Conference on Robotics and Automation (ICRA)},
  pages        = {1071--1078},
  year         = {2015},
  organization = {IEEE}
}
@inproceedings{simmons2000coordination,
  title     = {Coordination for multi-robot exploration and mapping},
  author    = {Simmons, Reid and Apfelbaum, David and Burgard, Wolfram and Fox, Dieter and Moors, Mark and Thrun, Sebastian and Younes, H{\aa}kan},
  booktitle = {Aaai/Iaai},
  pages     = {852--858},
  year      = {2000}
}
@article{burgard2005coordinated,
  title     = {Coordinated multi-robot exploration},
  author    = {Burgard, Wolfram and Moors, Mark and Stachniss, Cyrill and Schneider, Frank E},
  journal   = {IEEE Transactions on robotics},
  volume    = {21},
  number    = {3},
  pages     = {376--386},
  year      = {2005},
  publisher = {IEEE}
}
@inproceedings{mahdoui2017cooperative,
  title        = {Cooperative exploration strategy for micro-aerial vehicles fleet},
  author       = {Mahdoui, Nesrine and Fr{\'e}mont, Vincent and Natalizio, Enrico},
  booktitle    = {2017 IEEE International Conference on Multisensor Fusion and Integration for Intelligent Systems (MFI)},
  pages        = {180--185},
  year         = {2017},
  organization = {IEEE}
}
@inproceedings{mahdoui2018cooperative,
  title        = {Cooperative frontier-based exploration strategy for multi-robot system},
  author       = {Mahdoui, Nesrine and Fr{\'e}mont, Vincent and Natalizio, Enrico},
  booktitle    = {2018 13th Annual Conference on System of Systems Engineering (SoSE)},
  pages        = {203--210},
  year         = {2018},
  organization = {IEEE}
}
@article{dijkstra1959note,
  title   = {A note on two problems in connexion with graphs},
  author  = {Dijkstra, Edsger W and others},
  journal = {Numerische mathematik},
  volume  = {1},
  number  = {1},
  pages   = {269--271},
  year    = {1959}
}
@inproceedings{hayat2015experimental,
  title        = {Experimental analysis of multipoint-to-point UAV communications with IEEE 802.11 n and 802.11 ac},
  author       = {Hayat, Samira and Yanmaz, Ev{\c{s}}en and Bettstetter, Christian},
  booktitle    = {2015 IEEE 26th Annual International Symposium on Personal, Indoor, and Mobile Radio Communications (PIMRC)},
  pages        = {1991--1996},
  year         = {2015},
  organization = {IEEE}
}
@phdthesis{bouachir2014conception,
  title  = {Conception et mise en oeuvre d'une architecture de communication pour mini-drones civils},
  author = {Bouachir, Ons},
  year   = {2014},
  school = {Universit{\'e} Toulouse 3 Paul Sabatier (UT3 Paul Sabatier)}
}
@inproceedings{maistrenko2016experimental,
  title        = {Experimental estimate of using the ant colony optimization algorithm to solve the routing problem in FANET},
  author       = {Maistrenko, Vasily A and Alexey, Leonov V and Danil, Volkov A},
  booktitle    = {2016 International Siberian Conference on Control and Communications (SIBCON)},
  pages        = {1--10},
  year         = {2016},
  organization = {IEEE}
}
@inproceedings{morgenthaler2012uavnet,
  title        = {UAVNet: A mobile wireless mesh network using unmanned aerial vehicles},
  author       = {Morgenthaler, Simon and Braun, Torsten and Zhao, Zhongliang and Staub, Thomas and Anwander, Markus},
  booktitle    = {2012 IEEE Globecom Workshops},
  pages        = {1603--1608},
  year         = {2012},
  organization = {IEEE}
}
@inproceedings{forster2013collaborative,
  title        = {Collaborative monocular slam with multiple micro aerial vehicles},
  author       = {Forster, Christian and Lynen, Simon and Kneip, Laurent and Scaramuzza, Davide},
  booktitle    = {2013 IEEE/RSJ International Conference on Intelligent Robots and Systems},
  pages        = {3962--3970},
  year         = {2013},
  organization = {IEEE}
}
@inproceedings{brand2014stereo,
  title        = {Stereo-vision based obstacle mapping for indoor/outdoor SLAM},
  author       = {Brand, Christoph and Schuster, Martin J and Hirschm{\"u}ller, Heiko and Suppa, Michael},
  booktitle    = {2014 IEEE/RSJ International Conference on Intelligent Robots and Systems},
  pages        = {1846--1853},
  year         = {2014},
  organization = {IEEE}
}
@inproceedings{cunningham2010ddf,
  title        = {DDF-SAM: Fully distributed SLAM using constrained factor graphs},
  author       = {Cunningham, Alexander and Paluri, Manohar and Dellaert, Frank},
  booktitle    = {2010 IEEE/RSJ International Conference on Intelligent Robots and Systems},
  pages        = {3025--3030},
  year         = {2010},
  organization = {IEEE}
}
@inproceedings{waharte2009coordinated,
  title        = {Coordinated search with a swarm of UAVs},
  author       = {Waharte, Sonia and Trigoni, Niki and Julier, Simon},
  booktitle    = {2009 6th ieee annual communications society conference on sensor, mesh and ad hoc communications and networks workshops},
  pages        = {1--3},
  year         = {2009},
  organization = {IEEE}
}
@article{cameron2009collaborative,
  title  = {Collaborative sensing by unmanned aerial vehicles},
  author = {Cameron, Stephen and Trigoni, Niki},
  year   = {2009}
}
@inproceedings{scherer2015autonomous,
  title     = {An autonomous multi-UAV system for search and rescue},
  author    = {Scherer, J{\"u}rgen and Yahyanejad, Saeed and Hayat, Samira and Yanmaz, Evsen and Andre, Torsten and Khan, Asif and Vukadinovic, Vladimir and Bettstetter, Christian and Hellwagner, Hermann and Rinner, Bernhard},
  booktitle = {Proceedings of the First Workshop on Micro Aerial Vehicle Networks, Systems, and Applications for Civilian Use},
  pages     = {33--38},
  year      = {2015}
}
@inproceedings{witkowski2008ad,
  title     = {Ad-hoc network communication infrastructure for multi-robot systems in disaster scenarios},
  author    = {Witkowski, Ulf and El Habbal, Mohamed Ahmed Mostafa and Herbrechtsmeier, Stefan and Tanoto, Andry and Penders, Jacques and Alboul, Lyuba and Gazi, Veysel},
  booktitle = {Proceedings of IARP/EURON workshop on robotics for risky interventions and environmental surveillance (RISE 2008), Benicassim, Spain},
  year      = {2008}
}
@book{kuschnig2012profiling,
  title     = {Profiling ieee 802.11 performance on linux-based networked aerial robots},
  author    = {Kuschnig, Robert and Yanmaz, Evsen and Kofler, Ingo and Rinner, Bernhard and Hellwagner, Hermann},
  year      = {2012},
  publisher = {na}
}
@inproceedings{wang2014openvlc,
  title     = {OpenVLC: Software-defined visible light embedded networks},
  author    = {Wang, Qing and Giustiniano, Domenico and Puccinelli, Daniele},
  booktitle = {Proceedings of the 1st ACM MobiCom workshop on Visible light communication systems},
  pages     = {15--20},
  year      = {2014}
}
@inproceedings{asadpour2014routing,
  title     = {Routing in a fleet of micro aerial vehicles: First experimental insights},
  author    = {Asadpour, Mahdi and Egli, Simon and Hummel, Karin Anna and Giustiniano, Domenico},
  booktitle = {Proceedings of the third ACM workshop on Airborne networks and communications},
  pages     = {9--10},
  year      = {2014}
}
@techreport{vidal2015multi,
  title       = {A multi-service multi-mav communication framework for future secure societies},
  author      = {Vidal, I and Valera, F and Diaz, MA and Garcia, J and Azcorra, A},
  year        = {2015},
  institution = {Technical report, University Carlos III of Madrid and IMDEA Networks Institute}
}
@article{ghedini2018toward,
  title     = {Toward efficient adaptive ad-hoc multi-robot network topologies},
  author    = {Ghedini, Cinara and Ribeiro, Carlos HC and Sabattini, Lorenzo},
  journal   = {Ad Hoc Networks},
  volume    = {74},
  pages     = {57--70},
  year      = {2018},
  publisher = {Elsevier}
}@inproceedings{harms2017development,
  title        = {Development of an adaptable communication layer with qos capabilities for a multi-robot system},
  author       = {Harms, Hannes and Schmiemann, Julian and Schattenberg, Jan and Frerichs, Ludger},
  booktitle    = {Iberian Robotics conference},
  pages        = {782--793},
  year         = {2017},
  organization = {Springer}
}
@inproceedings{wang2010experimental,
  title        = {Experimental evaluation of IEEE 802.11 s path selection protocols in a mesh testbed},
  author       = {Wang, Jerry Chun-Ping and Hagelstein, Brett and Abolhasan, Mehran},
  booktitle    = {2010 4th International Conference on Signal Processing and Communication Systems},
  pages        = {1--3},
  year         = {2010},
  organization = {IEEE}
}
@article{gupta2015survey,
  title     = {Survey of important issues in UAV communication networks},
  author    = {Gupta, Lav and Jain, Raj and Vaszkun, Gabor},
  journal   = {IEEE Communications Surveys \& Tutorials},
  volume    = {18},
  number    = {2},
  pages     = {1123--1152},
  year      = {2015},
  publisher = {IEEE}
}
@article{fox2006distributed,
  title     = {Distributed multirobot exploration and mapping},
  author    = {Fox, Dieter and Ko, Jonathan and Konolige, Kurt and Limketkai, Benson and Schulz, Dirk and Stewart, Benjamin},
  journal   = {Proceedings of the IEEE},
  volume    = {94},
  number    = {7},
  pages     = {1325--1339},
  year      = {2006},
  publisher = {IEEE}
}
@article{bresson2015general,
  title     = {A general consistent decentralized Simultaneous Localization And Mapping solution},
  author    = {Bresson, Guillaume and Aufr{\`e}re, Romuald and Chapuis, Roland},
  journal   = {Robotics and Autonomous Systems},
  volume    = {74},
  pages     = {128--147},
  year      = {2015},
  publisher = {Elsevier}
}
@inproceedings{schuster2015multi,
  title        = {Multi-robot 6D graph SLAM connecting decoupled local reference filters},
  author       = {Schuster, Martin J and Brand, Christoph and Hirschm{\"u}ller, Heiko and Suppa, Michael and Beetz, Michael},
  booktitle    = {2015 IEEE/RSJ International Conference on Intelligent Robots and Systems (IROS)},
  pages        = {5093--5100},
  year         = {2015},
  organization = {IEEE}
}
@article{mohanarajah2015cloud,
  title     = {Cloud-based collaborative 3D mapping in real-time with low-cost robots},
  author    = {Mohanarajah, Gajamohan and Usenko, Vladyslav and Singh, Mayank and D'Andrea, Raffaello and Waibel, Markus},
  journal   = {IEEE Transactions on Automation Science and Engineering},
  volume    = {12},
  number    = {2},
  pages     = {423--431},
  year      = {2015},
  publisher = {IEEE}
}
@article{couceiro2014darwinian,
  title     = {Darwinian swarm exploration under communication constraints: Initial deployment and fault-tolerance assessment},
  author    = {Couceiro, Micael S and Figueiredo, Carlos M and Rocha, Rui P and Ferreira, Nuno MF},
  journal   = {Robotics and Autonomous Systems},
  volume    = {62},
  number    = {4},
  pages     = {528--544},
  year      = {2014},
  publisher = {Elsevier}
}
@article{dai2018quality,
  title     = {Quality-aware UAV coverage and path planning in geometrically complex environments},
  author    = {Dai, Rui and Fotedar, Sneha and Radmanesh, Mohammadreza and Kumar, Manish},
  journal   = {Ad Hoc Networks},
  volume    = {73},
  pages     = {95--105},
  year      = {2018},
  publisher = {Elsevier}
}
@inproceedings{andre2014coordinated,
  title        = {Coordinated multi-robot exploration: Out of the box packages for ROS},
  author       = {Andre, Torsten and Neuhold, Daniel and Bettstetter, Christian},
  booktitle    = {2014 IEEE Globecom Workshops (GC Wkshps)},
  pages        = {1457--1462},
  year         = {2014},
  organization = {IEEE}
}